@inproceedings{rigby08:_review_practices,
  title={Open source software peer review practices: a case study of the apache server},
  author={Rigby, P.C. and German, D.M. and Storey, M.A.},
  booktitle={Proceedings of the 30th international conference on Software engineering},
  pages={541--550},
  year={2008},
  organization={ACM}
}


@inproceedings{bird09:_promises_perils_git,
  title={The promises and perils of mining git},
  author={Bird, C. and Rigby, P.C. and Barr, E.T. and Hamilton, D.J. and German, D.M. and Devanbu, P.},
  booktitle={Mining Software Repositories, 2009. MSR'09. 6th IEEE International Working Conference on},
  pages={1--10},
  year={2009},
  organization={IEEE}
}

@inproceedings{nurolahzade09:_role_of_patch_review,
  title={The role of patch review in software evolution: an analysis of the mozilla firefox},
  author={Nurolahzade, M. and Nasehi, S.M. and Khandkar, S.H. and Rawal, S.},
  booktitle={Proceedings of the joint international and annual ERCIM workshops on Principles of software evolution (IWPSE) and software evolution (Evol) workshops},
  pages={9--18},
  year={2009},
  organization={ACM}
}

@inproceedings{rigby11:_understanding_broadcast_peer_review,
  title={Understanding broadcast based peer review on open source software projects},
  author={Rigby, P.C. and Storey, M.A.},
  booktitle={Proceedings of the 33rd International Conference on Software Engineering},
  pages={541--550},
  year={2011},
  organization={ACM}
}

@inproceedings{prause10:_empirical_study_tool_support,
  title={Empirical study of tool support in highly distributed research projects},
  author={Prause, C.R. and Reiners, R. and Dencheva, S.},
  booktitle={Global Software Engineering (ICGSE), 2010 5th IEEE International Conference on},
  pages={23--32},
  year={2010},
  organization={IEEE}
}

@inproceedings{wang11:_peer_review_practices,
  title={Behind Linus's law: A preliminary analysis of open source software peer review practices in Mozilla and Python},
  author={Wang, J. and Carroll, J.M.},
  booktitle={Collaboration Technologies and Systems (CTS), 2011 International Conference on},
  pages={117--124},
  year={2011},
  organization={IEEE}
}

@inproceedings{sutherland09:_code_reviews_later_information,
  title={Can peer code reviews be exploited for later information needs?},
  author={Sutherland, A. and Venolia, G.},
  booktitle={Software Engineering-Companion Volume, 2009. ICSE-Companion 2009. 31st International Conference on},
  pages={259--262},
  year={2009},
  organization={IEEE}
}

@inproceedings{shihab12:_industrial_study_risk_changes,
  title={An Industrial Study on the Risk of Software Changes},
  author={Shihab, E. and Hassan, A.E. and Adams, B. and Jiang, Z.M.},
  booktitle = {SIGSOFT FSE},
  year      = {2012},
  pages     = {62}
}

@article{rigby12:_recommendations_for_closed,
  title={Open Source Peer Review--Lessons and Recommendations for Closed Source},
  author={Rigby, P. and Cleary, B. and Painchaud, F. and Storey, M.A. and German, D.},
  journal={IEEE Software},
  year={2012},
  publisher={IEEE}
}

@inproceedings{baysal:_secret,
  title={The Secret Life of Patches: A Firefox Case Study},
  author={Baysal, O. and Kononenko, O. and Holmes, R. and Godfrey, M.W.},
  booktitle = {WCRE},
  year      = {2012},
  pages     = {447-455}
}

@article{cleary:_contemporary,
  title={Contemporary Peer Review in Action},
  author={Cleary, B. and Storey, M.A. and German, D.M.}
}

@inproceedings{bosu12:_peer_review_using_review_board,
  title={Peer code review in open source communities using review board},
  author={Bosu, A. and Carver, J.C.},
  booktitle={Proceedings of the ACM 4th annual workshop on Evaluation and usability of programming languages and tools},
  pages={17--24},
  year={2012},
  organization={ACM}
}

@inproceedings{kula12:_using_profiling_metrics,
  title={Using Profiling Metrics to Categorise Peer Review Types in the Android Project},
  author={Kula, R.G. and Yoshida, N. and Hamasaki, K. and Fujiwara, K. and Yang, X. and Iida, H. and others},
  booktitle={Software Reliability Engineering Workshops (ISSREW), 2012 IEEE 23rd International Symposium on},
  pages={146--151},
  year={2012},
  organization={IEEE}
}

@article{rigby:_contemporary_peer_review,
author = {Peter Rigby and Brendan Cleary and Frederic Painchaud and Margaret-Anne Storey and Daniel German},
title = {Contemporary Peer Review in Action: Lessons from Open Source Development},
journal ={IEEE Software},
volume = {29},
number = {6},
issn = {0740-7459},
year = {2012},
pages = {56-61},
publisher = {IEEE Computer Society},
address = {Los Alamitos, CA, USA},
}

@inproceedings{trytten05:_design_peer_review,
  title={A design for team peer code review},
  author={Trytten, D.A.},
  booktitle={ACM SIGCSE Bulletin},
  volume={37},
  number={1},
  pages={455--459},
  year={2005},
  organization={ACM}
}

@article{dacunha2007:_personality_code_review,
  title={Does personality matter?: an analysis of code-review ability},
  author={Da Cunha, A.D. and Greathead, D.},
  journal={Communications of the ACM},
  volume={50},
  number={5},
  pages={109--112},
  year={2007},
  publisher={ACM}
}

@article{dastous2002:_exchange_patterns,
  title={Empirical study of exchange patterns during software peer review meetings},
  author={d'Astous, P. and Robillard, P.N.},
  journal={Information and Software Technology},
  volume={44},
  number={11},
  pages={639--648},
  year={2002},
  publisher={Elsevier}
}

@article{jeong09:_improving_code_review,
  title={Improving code review by predicting reviewers and acceptance of patches},
  author={Jeong, G. and Kim, S. and Zimmermann, T. and Yi, K.},
  journal={Research on Software Analysis for Error-free Computing Center Tech-Memo (ROSAEC MEMO)},
  year={2009}
}

@inproceedings{mockus00:_a_case_study,
  title={A case study of open source software development: the Apache server},
  author={Mockus, A. and Fielding, R.T. and Herbsleb, J.},
  booktitle={Software Engineering, 2000. Proceedings of the 2000 International Conference on},
  pages={263--272},
  year={2000},
  organization={IEEE}
}

@article{fitzgerald06:_transformation,
  title={The transformation of open source software},
  author={Fitzgerald, B.},
  journal={Mis Quarterly},
  pages={587--598},
  year={2006},
  publisher={JSTOR}
}

@article{gonzalez-barahona:reproducibility:2012,
year=2012,
issn={1382-3256},
journal={Empirical Software Engineering},
volume=17,
issue={1-2},
doi={10.1007/s10664-011-9181-9},
title={On the reproducibility of empirical software engineering studies based on data retrieved from development repositories},
url={http://dx.doi.org/10.1007/s10664-011-9181-9},
publisher={Springer US},
keywords={Repeatable results; Mining software repositories; Reproducibility},
author={Gonzalez-Barahona, Jesus M. and Robles, Gregorio},
pages={75--89},
language={English}
}

@inproceedings{ackerman84:_software_inspections,
  title={Software inspections and the industrial production of software},
  author={Ackerman, A.F. and Fowler, P.J. and Ebenau, R.G.},
  booktitle={Proc. of a symposium on Software validation: inspection-testing-verification-alternatives},
  pages={13--40},
  year={1984},
  organization={Elsevier Inc.}
}

@article{ackerman89:_software_inspections,
  title={Software inspections: An effective verification process},
  author={Ackerman, A.F. and Buchwald, L.S. and Lewski, F.H.},
  journal={Software, IEEE},
  volume={6},
  number={3},
  pages={31--36},
  year={1989},
  publisher={IEEE}
}

@article{fagan76:_design_code_inspections,
  title={Design and code inspections to reduce errors in program development},
  author={Fagan, M.E.},
  journal={IBM Systems Journal},
  volume={15},
  number={3},
  pages={182--211},
  year={1976},
  publisher={IBM}
}

@article{fagan86:_advances,
  title={Advances in software inspections},
  author={Fagan, M.E.},
  journal={Software Engineering, IEEE Transactions on},
  number={7},
  pages={744--751},
  year={1986},
  publisher={IEEE}
}

@article{johnson06:_collaboration_peer_review,
  title={Collaboration, peer review and open source software},
  author={Johnson, J.P.},
  journal={Information Economics and Policy},
  volume={18},
  number={4},
  pages={477--497},
  year={2006},
  publisher={Elsevier}
}

@Misc{webkit:contr_code:2013,
  author = 	 "{The WebKit Open Source Project}",
  title = 	 {Contributing Code},
  howpublished = {\url{http://www.webkit.org/coding/contributing.html}},
  note = 	 {Visited on February 16, 2013}}

@Misc{webkit:commit_review_policy:2013,
  author = 	 "{The WebKit Open Source Project}",
  title = 	 {WebKit Committers and Reviewer Policy},
  howpublished = {\url{http://www.webkit.org/coding/commit-review-policy.html}},
  note = 	 {Visited on February 16, 2013}}

@misc{ghosh2002free,
  title={Free/libre and open source software: Survey and study},
  author={Ghosh, Rishab A and Glott, Ruediger and Krieger, Bernhard and Robles, Gregorio},
  year={2002},
  publisher={Maastricht Economic Research Institute on Innovation and Technology, University of Maastricht, The Netherlands}
}

@inproceedings{vasilescu2012gender,
  title={Gender, representation and online participation: A quantitative study of StackOverflow},
  author={Vasilescu, Bogdan and Capiluppi, Andrea and Serebrenik, Alexander},
  booktitle={Social Informatics (SocialInformatics), 2012 International Conference on},
  pages={332--338},
  year={2012},
  organization={IEEE}
}

@article{adam2003hacking,
  title={Hacking into hacking: Gender and the hacker phenomenon},
  author={Adam, Alison E},
  journal={ACM SIGCAS Computers and Society},
  volume={33},
  number={4},
  pages={3},
  year={2003},
  publisher={ACM}
}

@article{bimber2000measuring,
  title={Measuring the gender gap on the Internet},
  author={Bimber, Bruce},
  journal={Social science quarterly},
  volume={81},
  number={3},
  pages={868--876},
  year={2000}
}

@article{clark2005women,
  title={Women and science careers: leaky pipeline or gender filter?},
  author={Clark Blickenstaff*, Jacob},
  journal={Gender and education},
  volume={17},
  number={4},
  pages={369--386},
  year={2005},
  publisher={Taylor \& Francis}
}

@article{boivie2010women,
  title={Women, men and programming: Knowledge, metaphors and masculinity},
  author={Boivie, Inger},
  journal={Gender Issues in Learning and Working with Information Technology: Social Constructs and Cultural Contexts},
  pages={1--24},
  year={2010},
  publisher={New York: Information Science Reference}
}

@article{david2008community,
  title={Community-based production of open-source software: What do we know about the developers who participate?},
  author={David, Paul A and Shapiro, Joseph S},
  journal={Information Economics and Policy},
  volume={20},
  number={4},
  pages={364--398},
  year={2008},
  publisher={Elsevier}
}

@book{hill2010so,
  title={Why So Few? Women in Science, Technology, Engineering, and Mathematics},
  author={Hill, Catherine and Corbett, Christianne and St Rose, Andresse},
  year={2010},
  publisher={ERIC}
}

@book{margolis2003unlocking,
  title={Unlocking the clubhouse: Women in computing},
  author={Margolis, Jane and Fisher, Allan},
  year={2003},
  publisher={MIT press}
}

@article{miliszewska2006issue,
  title={The issue of gender equity in computer science--what students say},
  author={Miliszewska, Iwona and Barker, Gayle and Henderson, Fiona and Sztendur, Ewa},
  journal={Journal of Information Technology Education: Research},
  volume={5},
  number={1},
  pages={107--120},
  year={2006}
}

@inproceedings{trauth2004understanding,
  title={Understanding the under representation of women in IT: toward a theory of individual differences},
  author={Trauth, Eileen M and Quesenberry, Jeria L and Morgan, Allison J},
  booktitle={Proceedings of the 2004 SIGMIS conference on Computer personnel research: Careers, culture, and ethics in a networked environment},
  pages={114--119},
  year={2004},
  organization={ACM}
}

@article{nafus2006gender,
  title={Gender: Integrated report of findings},
  author={Nafus, Dawn and Leach, James and Krieger, Bernhard},
  journal={FLOSSPOLS, Deliverable D},
  volume={16},
  year={2006}
}

@inproceedings{robles2006geographic,
  title={Geographic location of developers at sourceforge},
  author={Robles, Gregorio and Gonzalez-Barahona, Jesus M},
  booktitle={3rd International workshop on Mining software repositories},
  pages={144--150},
  year={2006},
  organization={ACM}
}

@article{gonzalez2008geographic,
  title={Geographic origin of libre software developers},
  author={Gonzalez-Barahona, Jesus and Robles, Gregorio and Andradas-Izquierdo, Roberto and Ghosh, Rishab},
  journal={Information Economics and Policy},
  volume={20},
  number={4},
  pages={356--363},
  year={2008},
  publisher={Elsevier}
}

@inproceedings{bird2012examining,
  title={Who? where? what? examining distributed development in two large open source projects},
  author={Bird, Christian and Nagappan, Nachiappan},
  booktitle={Mining Software Repositories (MSR), 2012 9th IEEE Working Conference on},
  pages={237--246},
  year={2012},
  organization={IEEE}
}

@inproceedings{tang2009techniques,
  title={Techniques for identifying the country origin of mailing list participants},
  author={Tang, Ran and Hassan, Ahmed E and Zou, Ying},
  booktitle={Reverse Engineering, 2009. WCRE'09. 16th Working Conference on},
  pages={36--40},
  year={2009},
  organization={IEEE}
}

@article{tang2009case,
  title={A case study on the impact of global participation on mailing lists communications of open source projects},
  author={Tang, Ran and Hassan, Ahmed E and Zou, Ying},
  journal={Proc. KCSD 2009},
  pages={63--76},
  year={2009}
}

@techreport{von2010geographic,
  title={On the geographic allocation of open source software activities},
  author={von Engelhardt, Sebastian and Freytag, Andreas and Schulz, Christoph},
  year={2010},
  institution={Jena economic research papers}
}

@article{engelhardt2009geographic,
  title={Geographic allocation of OSS contributions: the role of institutions and culture},
  author={Engelhardt, Sebastian Von and Freytag, Andreas},
  journal={Jena Economic Research Papers},
  volume={51},
  year={2009}
}

@incollection{ouattara2013open,
  title={Open Source in Africa: An Opportunity Wasted?},
  author={Ouattara, Hadja and Ouoba, Jonathan and Bissyand{\'e}, Tegawend{\'e} F},
  booktitle={e-Infrastructure and e-Services for Developing Countries},
  pages={184--188},
  year={2013},
  publisher={Springer}
}

@book{carmel1999global,
  title={Global software teams: collaborating across borders and time zones},
  author={Carmel, Erran},
  year={1999},
  publisher={Prentice Hall PTR}
}

@article{german2003gnome,
  title={The {GNOME} project: a case study of open source, global software development},
  author={German, Daniel},
  journal={Software Process: Improvement and Practice},
  volume={8},
  number={4},
  pages={201--215},
  year={2003},
  publisher={Wiley Online Library}
}

@inproceedings{robles2005evolution,
  title={Evolution of volunteer participation in libre software projects: evidence from Debian},
  author={Robles, Gregorio and Gonzalez-Barahona, Jesus M and Michlmayr, Martin},
  booktitle={1st International Conference on Open Source Systems},
  pages={100--107},
  year={2005}
}

@article{riehle2010economic,
  title={The economic case for Open Source foundations},
  author={Riehle, Dirk},
  journal={Computer},
  volume={43},
  number={1},
  pages={0086--90},
  year={2010},
  publisher={IEEE Computer Society}
}

@techreport{robles2001doing,
  title={Who is doing it},
  author={Robles, Gregorio and Scheider, Hendrik and Tretkowski, Ingo and Weber, Niels},
  institution={TU Berlin},
  year={2001},
  url={http://portal.ig.cs.tu-berlin.de/lehre/s2001/ir2/ergebnisse/OSE-study.pdf},
}

@article{yu2016effect,
  title={The effect of time zone difference on asynchronous communications in global software development},
  author={Yu, Liguo and Guan, Zhong and Ramaswamy, Srini},
  journal={International Journal of Computer Applications in Technology},
  volume={53},
  number={3},
  pages={213--225},
  year={2016},
  publisher={Inderscience Publishers (IEL)}
}

